%YAML 1.1
%TAG !u! tag:unity3d.com,2011:
--- !u!1 &2548888642242667029
GameObject:
  m_ObjectHideFlags: 0
  m_CorrespondingSourceObject: {fileID: 0}
  m_PrefabInstance: {fileID: 0}
  m_PrefabAsset: {fileID: 0}
  serializedVersion: 6
  m_Component:
  - component: {fileID: 2420207463036555331}
  - component: {fileID: -50075792472508709}
  m_Layer: 0
  m_Name: BerasSet 2
  m_TagString: Untagged
  m_Icon: {fileID: 0}
  m_NavMeshLayer: 0
  m_StaticEditorFlags: 0
  m_IsActive: 1
--- !u!4 &2420207463036555331
Transform:
  m_ObjectHideFlags: 0
  m_CorrespondingSourceObject: {fileID: 0}
  m_PrefabInstance: {fileID: 0}
  m_PrefabAsset: {fileID: 0}
  m_GameObject: {fileID: 2548888642242667029}
  m_LocalRotation: {x: 0, y: 0, z: 0, w: 1}
  m_LocalPosition: {x: -3.19, y: 0, z: -3.29}
  m_LocalScale: {x: 1, y: 1, z: 1}
  m_Children:
  - {fileID: 2756973213949931909}
  - {fileID: 5732908455964965058}
  - {fileID: 1544748951478101530}
  - {fileID: 8488639334737491527}
  - {fileID: 3572742328736258582}
  m_Father: {fileID: 0}
  m_RootOrder: 0
  m_LocalEulerAnglesHint: {x: 0, y: 0, z: 0}
--- !u!114 &-50075792472508709
MonoBehaviour:
  m_ObjectHideFlags: 0
  m_CorrespondingSourceObject: {fileID: 0}
  m_PrefabInstance: {fileID: 0}
  m_PrefabAsset: {fileID: 0}
  m_GameObject: {fileID: 2548888642242667029}
  m_Enabled: 1
  m_EditorHideFlags: 0
  m_Script: {fileID: 11500000, guid: aa584fbee541324448dd18d8409c7a41, type: 3}
  m_Name: 
  m_EditorClassIdentifier: 
  ownerId: 0
  group: 0
  OwnerShipWasTransfered: 0
  prefixBackup: -1
  synchronization: 0
  onSerializeTransformOption: 3
  onSerializeRigidBodyOption: 2
  ownershipTransfer: 0
  ObservedComponents:
  - {fileID: 0}
  ObservedComponentsFoldoutOpen: 1
  viewIdField: 0
  instantiationId: -1
  currentMasterID: -1
  isRuntimeInstantiated: 0
--- !u!1001 &2145853479760739897
PrefabInstance:
  m_ObjectHideFlags: 0
  serializedVersion: 2
  m_Modification:
    m_TransformParent: {fileID: 2420207463036555331}
    m_Modifications:
    - target: {fileID: 5929265450276046587, guid: e62a0de98441dcf4ca94d1b947706223,
        type: 3}
      propertyPath: m_RootOrder
      value: 1
      objectReference: {fileID: 0}
    - target: {fileID: 5929265450276046587, guid: e62a0de98441dcf4ca94d1b947706223,
        type: 3}
      propertyPath: m_LocalScale.y
      value: 0.40000004
      objectReference: {fileID: 0}
    - target: {fileID: 5929265450276046587, guid: e62a0de98441dcf4ca94d1b947706223,
        type: 3}
      propertyPath: m_LocalScale.z
      value: 0.40000004
      objectReference: {fileID: 0}
    - target: {fileID: 5929265450276046587, guid: e62a0de98441dcf4ca94d1b947706223,
        type: 3}
      propertyPath: m_LocalPosition.x
      value: 0.049999952
      objectReference: {fileID: 0}
    - target: {fileID: 5929265450276046587, guid: e62a0de98441dcf4ca94d1b947706223,
        type: 3}
      propertyPath: m_LocalPosition.y
      value: 0.4
      objectReference: {fileID: 0}
    - target: {fileID: 5929265450276046587, guid: e62a0de98441dcf4ca94d1b947706223,
        type: 3}
      propertyPath: m_LocalPosition.z
      value: 2.05
      objectReference: {fileID: 0}
    - target: {fileID: 5929265450276046587, guid: e62a0de98441dcf4ca94d1b947706223,
        type: 3}
      propertyPath: m_LocalRotation.w
      value: 0.7071068
      objectReference: {fileID: 0}
    - target: {fileID: 5929265450276046587, guid: e62a0de98441dcf4ca94d1b947706223,
        type: 3}
      propertyPath: m_LocalRotation.x
      value: 0.7071068
      objectReference: {fileID: 0}
    - target: {fileID: 5929265450276046587, guid: e62a0de98441dcf4ca94d1b947706223,
        type: 3}
      propertyPath: m_LocalRotation.y
      value: -0
      objectReference: {fileID: 0}
    - target: {fileID: 5929265450276046587, guid: e62a0de98441dcf4ca94d1b947706223,
        type: 3}
      propertyPath: m_LocalRotation.z
      value: -0
      objectReference: {fileID: 0}
    - target: {fileID: 5929265450276046587, guid: e62a0de98441dcf4ca94d1b947706223,
        type: 3}
      propertyPath: m_LocalEulerAnglesHint.x
      value: 90
      objectReference: {fileID: 0}
    - target: {fileID: 5929265450276046587, guid: e62a0de98441dcf4ca94d1b947706223,
        type: 3}
      propertyPath: m_LocalEulerAnglesHint.y
      value: 0
      objectReference: {fileID: 0}
    - target: {fileID: 5929265450276046587, guid: e62a0de98441dcf4ca94d1b947706223,
        type: 3}
      propertyPath: m_LocalEulerAnglesHint.z
      value: 0
      objectReference: {fileID: 0}
    - target: {fileID: 5929265450276046591, guid: e62a0de98441dcf4ca94d1b947706223,
        type: 3}
      propertyPath: m_Name
      value: Beras (3)
      objectReference: {fileID: 0}
    m_RemovedComponents: []
  m_SourcePrefab: {fileID: 100100000, guid: e62a0de98441dcf4ca94d1b947706223, type: 3}
--- !u!4 &5732908455964965058 stripped
Transform:
  m_CorrespondingSourceObject: {fileID: 5929265450276046587, guid: e62a0de98441dcf4ca94d1b947706223,
    type: 3}
  m_PrefabInstance: {fileID: 2145853479760739897}
  m_PrefabAsset: {fileID: 0}
--- !u!1001 &2847769214286885052
PrefabInstance:
  m_ObjectHideFlags: 0
  serializedVersion: 2
  m_Modification:
    m_TransformParent: {fileID: 2420207463036555331}
    m_Modifications:
    - target: {fileID: 5929265450276046587, guid: e62a0de98441dcf4ca94d1b947706223,
        type: 3}
      propertyPath: m_RootOrder
      value: 3
      objectReference: {fileID: 0}
    - target: {fileID: 5929265450276046587, guid: e62a0de98441dcf4ca94d1b947706223,
        type: 3}
      propertyPath: m_LocalScale.y
      value: 0.40000004
      objectReference: {fileID: 0}
    - target: {fileID: 5929265450276046587, guid: e62a0de98441dcf4ca94d1b947706223,
        type: 3}
      propertyPath: m_LocalScale.z
      value: 0.40000004
      objectReference: {fileID: 0}
    - target: {fileID: 5929265450276046587, guid: e62a0de98441dcf4ca94d1b947706223,
        type: 3}
      propertyPath: m_LocalPosition.x
      value: -1.654079
      objectReference: {fileID: 0}
    - target: {fileID: 5929265450276046587, guid: e62a0de98441dcf4ca94d1b947706223,
        type: 3}
      propertyPath: m_LocalPosition.y
      value: 0.40000007
      objectReference: {fileID: 0}
    - target: {fileID: 5929265450276046587, guid: e62a0de98441dcf4ca94d1b947706223,
        type: 3}
      propertyPath: m_LocalPosition.z
      value: 0.030619621
      objectReference: {fileID: 0}
    - target: {fileID: 5929265450276046587, guid: e62a0de98441dcf4ca94d1b947706223,
        type: 3}
      propertyPath: m_LocalRotation.w
      value: 0.7071068
      objectReference: {fileID: 0}
    - target: {fileID: 5929265450276046587, guid: e62a0de98441dcf4ca94d1b947706223,
        type: 3}
      propertyPath: m_LocalRotation.x
      value: 0.7071068
      objectReference: {fileID: 0}
    - target: {fileID: 5929265450276046587, guid: e62a0de98441dcf4ca94d1b947706223,
        type: 3}
      propertyPath: m_LocalRotation.y
      value: -0
      objectReference: {fileID: 0}
    - target: {fileID: 5929265450276046587, guid: e62a0de98441dcf4ca94d1b947706223,
        type: 3}
      propertyPath: m_LocalRotation.z
      value: -0
      objectReference: {fileID: 0}
    - target: {fileID: 5929265450276046587, guid: e62a0de98441dcf4ca94d1b947706223,
        type: 3}
      propertyPath: m_LocalEulerAnglesHint.x
      value: 90
      objectReference: {fileID: 0}
    - target: {fileID: 5929265450276046587, guid: e62a0de98441dcf4ca94d1b947706223,
        type: 3}
      propertyPath: m_LocalEulerAnglesHint.y
      value: 0
      objectReference: {fileID: 0}
    - target: {fileID: 5929265450276046587, guid: e62a0de98441dcf4ca94d1b947706223,
        type: 3}
      propertyPath: m_LocalEulerAnglesHint.z
      value: 0
      objectReference: {fileID: 0}
    - target: {fileID: 5929265450276046591, guid: e62a0de98441dcf4ca94d1b947706223,
        type: 3}
      propertyPath: m_Name
      value: Beras
      objectReference: {fileID: 0}
    m_RemovedComponents: []
  m_SourcePrefab: {fileID: 100100000, guid: e62a0de98441dcf4ca94d1b947706223, type: 3}
--- !u!4 &8488639334737491527 stripped
Transform:
  m_CorrespondingSourceObject: {fileID: 5929265450276046587, guid: e62a0de98441dcf4ca94d1b947706223,
    type: 3}
  m_PrefabInstance: {fileID: 2847769214286885052}
  m_PrefabAsset: {fileID: 0}
--- !u!1001 &5132123902481342689
PrefabInstance:
  m_ObjectHideFlags: 0
  serializedVersion: 2
  m_Modification:
    m_TransformParent: {fileID: 2420207463036555331}
    m_Modifications:
    - target: {fileID: 5929265450276046587, guid: e62a0de98441dcf4ca94d1b947706223,
        type: 3}
      propertyPath: m_RootOrder
      value: 2
      objectReference: {fileID: 0}
    - target: {fileID: 5929265450276046587, guid: e62a0de98441dcf4ca94d1b947706223,
        type: 3}
      propertyPath: m_LocalScale.y
      value: 0.40000004
      objectReference: {fileID: 0}
    - target: {fileID: 5929265450276046587, guid: e62a0de98441dcf4ca94d1b947706223,
        type: 3}
      propertyPath: m_LocalScale.z
      value: 0.40000004
      objectReference: {fileID: 0}
    - target: {fileID: 5929265450276046587, guid: e62a0de98441dcf4ca94d1b947706223,
        type: 3}
      propertyPath: m_LocalPosition.x
      value: 0.049999952
      objectReference: {fileID: 0}
    - target: {fileID: 5929265450276046587, guid: e62a0de98441dcf4ca94d1b947706223,
        type: 3}
      propertyPath: m_LocalPosition.y
      value: 0.4
      objectReference: {fileID: 0}
    - target: {fileID: 5929265450276046587, guid: e62a0de98441dcf4ca94d1b947706223,
        type: 3}
      propertyPath: m_LocalPosition.z
      value: -1.96
      objectReference: {fileID: 0}
    - target: {fileID: 5929265450276046587, guid: e62a0de98441dcf4ca94d1b947706223,
        type: 3}
      propertyPath: m_LocalRotation.w
      value: 0.7071068
      objectReference: {fileID: 0}
    - target: {fileID: 5929265450276046587, guid: e62a0de98441dcf4ca94d1b947706223,
        type: 3}
      propertyPath: m_LocalRotation.x
      value: 0.7071068
      objectReference: {fileID: 0}
    - target: {fileID: 5929265450276046587, guid: e62a0de98441dcf4ca94d1b947706223,
        type: 3}
      propertyPath: m_LocalRotation.y
      value: -0
      objectReference: {fileID: 0}
    - target: {fileID: 5929265450276046587, guid: e62a0de98441dcf4ca94d1b947706223,
        type: 3}
      propertyPath: m_LocalRotation.z
      value: -0
      objectReference: {fileID: 0}
    - target: {fileID: 5929265450276046587, guid: e62a0de98441dcf4ca94d1b947706223,
        type: 3}
      propertyPath: m_LocalEulerAnglesHint.x
      value: 90
      objectReference: {fileID: 0}
    - target: {fileID: 5929265450276046587, guid: e62a0de98441dcf4ca94d1b947706223,
        type: 3}
      propertyPath: m_LocalEulerAnglesHint.y
      value: 0
      objectReference: {fileID: 0}
    - target: {fileID: 5929265450276046587, guid: e62a0de98441dcf4ca94d1b947706223,
        type: 3}
      propertyPath: m_LocalEulerAnglesHint.z
      value: 0
      objectReference: {fileID: 0}
    - target: {fileID: 5929265450276046591, guid: e62a0de98441dcf4ca94d1b947706223,
        type: 3}
      propertyPath: m_Name
      value: Beras (4)
      objectReference: {fileID: 0}
    m_RemovedComponents: []
  m_SourcePrefab: {fileID: 100100000, guid: e62a0de98441dcf4ca94d1b947706223, type: 3}
--- !u!4 &1544748951478101530 stripped
Transform:
  m_CorrespondingSourceObject: {fileID: 5929265450276046587, guid: e62a0de98441dcf4ca94d1b947706223,
    type: 3}
  m_PrefabInstance: {fileID: 5132123902481342689}
  m_PrefabAsset: {fileID: 0}
--- !u!1001 &6806172209287919847
PrefabInstance:
  m_ObjectHideFlags: 0
  serializedVersion: 2
  m_Modification:
    m_TransformParent: {fileID: 2420207463036555331}
    m_Modifications:
    - target: {fileID: 8061601286001156849, guid: 8035c31420e9c5740a18093c5ce10c51,
        type: 3}
      propertyPath: m_RootOrder
      value: 4
      objectReference: {fileID: 0}
    - target: {fileID: 8061601286001156849, guid: 8035c31420e9c5740a18093c5ce10c51,
        type: 3}
      propertyPath: m_LocalScale.x
      value: 0.3
      objectReference: {fileID: 0}
    - target: {fileID: 8061601286001156849, guid: 8035c31420e9c5740a18093c5ce10c51,
        type: 3}
      propertyPath: m_LocalScale.y
      value: 0.40000007
      objectReference: {fileID: 0}
    - target: {fileID: 8061601286001156849, guid: 8035c31420e9c5740a18093c5ce10c51,
        type: 3}
      propertyPath: m_LocalScale.z
      value: 0.40000007
      objectReference: {fileID: 0}
    - target: {fileID: 8061601286001156849, guid: 8035c31420e9c5740a18093c5ce10c51,
        type: 3}
      propertyPath: m_LocalPosition.x
      value: 0.049999952
      objectReference: {fileID: 0}
    - target: {fileID: 8061601286001156849, guid: 8035c31420e9c5740a18093c5ce10c51,
        type: 3}
      propertyPath: m_LocalPosition.y
      value: 0.40000007
      objectReference: {fileID: 0}
    - target: {fileID: 8061601286001156849, guid: 8035c31420e9c5740a18093c5ce10c51,
        type: 3}
      propertyPath: m_LocalPosition.z
      value: 0.030619621
      objectReference: {fileID: 0}
    - target: {fileID: 8061601286001156849, guid: 8035c31420e9c5740a18093c5ce10c51,
        type: 3}
      propertyPath: m_LocalRotation.w
      value: 0.7071068
      objectReference: {fileID: 0}
    - target: {fileID: 8061601286001156849, guid: 8035c31420e9c5740a18093c5ce10c51,
        type: 3}
      propertyPath: m_LocalRotation.x
      value: 0.7071068
      objectReference: {fileID: 0}
    - target: {fileID: 8061601286001156849, guid: 8035c31420e9c5740a18093c5ce10c51,
        type: 3}
      propertyPath: m_LocalRotation.y
      value: -0
      objectReference: {fileID: 0}
    - target: {fileID: 8061601286001156849, guid: 8035c31420e9c5740a18093c5ce10c51,
        type: 3}
      propertyPath: m_LocalRotation.z
      value: -0
      objectReference: {fileID: 0}
    - target: {fileID: 8061601286001156849, guid: 8035c31420e9c5740a18093c5ce10c51,
        type: 3}
      propertyPath: m_LocalEulerAnglesHint.x
      value: 0
      objectReference: {fileID: 0}
    - target: {fileID: 8061601286001156849, guid: 8035c31420e9c5740a18093c5ce10c51,
        type: 3}
      propertyPath: m_LocalEulerAnglesHint.y
      value: 0
      objectReference: {fileID: 0}
    - target: {fileID: 8061601286001156849, guid: 8035c31420e9c5740a18093c5ce10c51,
        type: 3}
      propertyPath: m_LocalEulerAnglesHint.z
      value: 0
      objectReference: {fileID: 0}
    - target: {fileID: 8061601286001156853, guid: 8035c31420e9c5740a18093c5ce10c51,
        type: 3}
      propertyPath: m_Name
      value: BerasKuning
      objectReference: {fileID: 0}
    m_RemovedComponents: []
  m_SourcePrefab: {fileID: 100100000, guid: 8035c31420e9c5740a18093c5ce10c51, type: 3}
--- !u!4 &3572742328736258582 stripped
Transform:
  m_CorrespondingSourceObject: {fileID: 8061601286001156849, guid: 8035c31420e9c5740a18093c5ce10c51,
    type: 3}
  m_PrefabInstance: {fileID: 6806172209287919847}
  m_PrefabAsset: {fileID: 0}
--- !u!1001 &8361573744404330366
PrefabInstance:
  m_ObjectHideFlags: 0
  serializedVersion: 2
  m_Modification:
    m_TransformParent: {fileID: 2420207463036555331}
    m_Modifications:
    - target: {fileID: 5929265450276046587, guid: e62a0de98441dcf4ca94d1b947706223,
        type: 3}
      propertyPath: m_RootOrder
      value: 0
      objectReference: {fileID: 0}
    - target: {fileID: 5929265450276046587, guid: e62a0de98441dcf4ca94d1b947706223,
        type: 3}
      propertyPath: m_LocalScale.y
      value: 0.40000004
      objectReference: {fileID: 0}
    - target: {fileID: 5929265450276046587, guid: e62a0de98441dcf4ca94d1b947706223,
        type: 3}
      propertyPath: m_LocalScale.z
      value: 0.40000004
      objectReference: {fileID: 0}
    - target: {fileID: 5929265450276046587, guid: e62a0de98441dcf4ca94d1b947706223,
        type: 3}
      propertyPath: m_LocalPosition.x
      value: 1.84
      objectReference: {fileID: 0}
    - target: {fileID: 5929265450276046587, guid: e62a0de98441dcf4ca94d1b947706223,
        type: 3}
      propertyPath: m_LocalPosition.y
      value: 0.40000007
      objectReference: {fileID: 0}
    - target: {fileID: 5929265450276046587, guid: e62a0de98441dcf4ca94d1b947706223,
        type: 3}
      propertyPath: m_LocalPosition.z
      value: 0.030619621
      objectReference: {fileID: 0}
    - target: {fileID: 5929265450276046587, guid: e62a0de98441dcf4ca94d1b947706223,
        type: 3}
      propertyPath: m_LocalRotation.w
      value: 0.7071068
      objectReference: {fileID: 0}
    - target: {fileID: 5929265450276046587, guid: e62a0de98441dcf4ca94d1b947706223,
        type: 3}
      propertyPath: m_LocalRotation.x
      value: 0.7071068
      objectReference: {fileID: 0}
    - target: {fileID: 5929265450276046587, guid: e62a0de98441dcf4ca94d1b947706223,
        type: 3}
      propertyPath: m_LocalRotation.y
      value: -0
      objectReference: {fileID: 0}
    - target: {fileID: 5929265450276046587, guid: e62a0de98441dcf4ca94d1b947706223,
        type: 3}
      propertyPath: m_LocalRotation.z
      value: -0
      objectReference: {fileID: 0}
    - target: {fileID: 5929265450276046587, guid: e62a0de98441dcf4ca94d1b947706223,
        type: 3}
      propertyPath: m_LocalEulerAnglesHint.x
      value: 90
      objectReference: {fileID: 0}
    - target: {fileID: 5929265450276046587, guid: e62a0de98441dcf4ca94d1b947706223,
        type: 3}
      propertyPath: m_LocalEulerAnglesHint.y
      value: 0
      objectReference: {fileID: 0}
    - target: {fileID: 5929265450276046587, guid: e62a0de98441dcf4ca94d1b947706223,
        type: 3}
      propertyPath: m_LocalEulerAnglesHint.z
      value: 0
      objectReference: {fileID: 0}
    - target: {fileID: 5929265450276046591, guid: e62a0de98441dcf4ca94d1b947706223,
        type: 3}
      propertyPath: m_Name
      value: Beras (2)
      objectReference: {fileID: 0}
    m_RemovedComponents: []
  m_SourcePrefab: {fileID: 100100000, guid: e62a0de98441dcf4ca94d1b947706223, type: 3}
--- !u!4 &2756973213949931909 stripped
Transform:
  m_CorrespondingSourceObject: {fileID: 5929265450276046587, guid: e62a0de98441dcf4ca94d1b947706223,
    type: 3}
  m_PrefabInstance: {fileID: 8361573744404330366}
  m_PrefabAsset: {fileID: 0}
