%YAML 1.1
%TAG !u! tag:unity3d.com,2011:
--- !u!1 &8821291284172696768
GameObject:
  m_ObjectHideFlags: 0
  m_CorrespondingSourceObject: {fileID: 0}
  m_PrefabInstance: {fileID: 0}
  m_PrefabAsset: {fileID: 0}
  serializedVersion: 6
  m_Component:
  - component: {fileID: 1357168731530654740}
  - component: {fileID: -8849069601062523024}
  m_Layer: 0
  m_Name: Bush I
  m_TagString: Untagged
  m_Icon: {fileID: 0}
  m_NavMeshLayer: 0
  m_StaticEditorFlags: 0
  m_IsActive: 1
--- !u!4 &1357168731530654740
Transform:
  m_ObjectHideFlags: 0
  m_CorrespondingSourceObject: {fileID: 0}
  m_PrefabInstance: {fileID: 0}
  m_PrefabAsset: {fileID: 0}
  m_GameObject: {fileID: 8821291284172696768}
  m_LocalRotation: {x: 0, y: 0, z: 0, w: 1}
  m_LocalPosition: {x: -9.76, y: 0.5, z: -0.09}
  m_LocalScale: {x: 1, y: 1, z: 1}
  m_Children:
  - {fileID: 5253630303176454603}
  - {fileID: 7670060757746885769}
  - {fileID: 4351228637100522948}
  - {fileID: 199013055386337954}
  m_Father: {fileID: 0}
  m_RootOrder: 0
  m_LocalEulerAnglesHint: {x: 0, y: 0, z: 0}
--- !u!114 &-8849069601062523024
MonoBehaviour:
  m_ObjectHideFlags: 0
  m_CorrespondingSourceObject: {fileID: 0}
  m_PrefabInstance: {fileID: 0}
  m_PrefabAsset: {fileID: 0}
  m_GameObject: {fileID: 8821291284172696768}
  m_Enabled: 1
  m_EditorHideFlags: 0
  m_Script: {fileID: 11500000, guid: aa584fbee541324448dd18d8409c7a41, type: 3}
  m_Name: 
  m_EditorClassIdentifier: 
  ownerId: 0
  group: 0
  OwnerShipWasTransfered: 0
  prefixBackup: -1
  synchronization: 0
  onSerializeTransformOption: 3
  onSerializeRigidBodyOption: 2
  ownershipTransfer: 0
  ObservedComponents: []
  ObservedComponentsFoldoutOpen: 1
  viewIdField: 0
  instantiationId: -1
  currentMasterID: -1
  isRuntimeInstantiated: 0
--- !u!1001 &1037033328340141700
PrefabInstance:
  m_ObjectHideFlags: 0
  serializedVersion: 2
  m_Modification:
    m_TransformParent: {fileID: 1357168731530654740}
    m_Modifications:
    - target: {fileID: 3604818368816134976, guid: 69f5069cc09cac741a9c00457ff730fa,
        type: 3}
      propertyPath: m_RootOrder
      value: 2
      objectReference: {fileID: 0}
    - target: {fileID: 3604818368816134976, guid: 69f5069cc09cac741a9c00457ff730fa,
        type: 3}
      propertyPath: m_LocalPosition.x
      value: -2.9299994
      objectReference: {fileID: 0}
    - target: {fileID: 3604818368816134976, guid: 69f5069cc09cac741a9c00457ff730fa,
        type: 3}
      propertyPath: m_LocalPosition.y
      value: 0
      objectReference: {fileID: 0}
    - target: {fileID: 3604818368816134976, guid: 69f5069cc09cac741a9c00457ff730fa,
        type: 3}
      propertyPath: m_LocalPosition.z
      value: 0.17000005
      objectReference: {fileID: 0}
    - target: {fileID: 3604818368816134976, guid: 69f5069cc09cac741a9c00457ff730fa,
        type: 3}
      propertyPath: m_LocalRotation.w
      value: 1
      objectReference: {fileID: 0}
    - target: {fileID: 3604818368816134976, guid: 69f5069cc09cac741a9c00457ff730fa,
        type: 3}
      propertyPath: m_LocalRotation.x
      value: -0
      objectReference: {fileID: 0}
    - target: {fileID: 3604818368816134976, guid: 69f5069cc09cac741a9c00457ff730fa,
        type: 3}
      propertyPath: m_LocalRotation.y
      value: -0
      objectReference: {fileID: 0}
    - target: {fileID: 3604818368816134976, guid: 69f5069cc09cac741a9c00457ff730fa,
        type: 3}
      propertyPath: m_LocalRotation.z
      value: -0
      objectReference: {fileID: 0}
    - target: {fileID: 3604818368816134976, guid: 69f5069cc09cac741a9c00457ff730fa,
        type: 3}
      propertyPath: m_LocalEulerAnglesHint.x
      value: 0
      objectReference: {fileID: 0}
    - target: {fileID: 3604818368816134976, guid: 69f5069cc09cac741a9c00457ff730fa,
        type: 3}
      propertyPath: m_LocalEulerAnglesHint.y
      value: 0
      objectReference: {fileID: 0}
    - target: {fileID: 3604818368816134976, guid: 69f5069cc09cac741a9c00457ff730fa,
        type: 3}
      propertyPath: m_LocalEulerAnglesHint.z
      value: 0
      objectReference: {fileID: 0}
    - target: {fileID: 4129013167934595578, guid: 69f5069cc09cac741a9c00457ff730fa,
        type: 3}
      propertyPath: m_Name
      value: Bush (3)
      objectReference: {fileID: 0}
    m_RemovedComponents: []
  m_SourcePrefab: {fileID: 100100000, guid: 69f5069cc09cac741a9c00457ff730fa, type: 3}
--- !u!4 &4351228637100522948 stripped
Transform:
  m_CorrespondingSourceObject: {fileID: 3604818368816134976, guid: 69f5069cc09cac741a9c00457ff730fa,
    type: 3}
  m_PrefabInstance: {fileID: 1037033328340141700}
  m_PrefabAsset: {fileID: 0}
--- !u!1001 &3514472803055270370
PrefabInstance:
  m_ObjectHideFlags: 0
  serializedVersion: 2
  m_Modification:
    m_TransformParent: {fileID: 1357168731530654740}
    m_Modifications:
    - target: {fileID: 3604818368816134976, guid: 69f5069cc09cac741a9c00457ff730fa,
        type: 3}
      propertyPath: m_RootOrder
      value: 3
      objectReference: {fileID: 0}
    - target: {fileID: 3604818368816134976, guid: 69f5069cc09cac741a9c00457ff730fa,
        type: 3}
      propertyPath: m_LocalPosition.x
      value: -0.96000004
      objectReference: {fileID: 0}
    - target: {fileID: 3604818368816134976, guid: 69f5069cc09cac741a9c00457ff730fa,
        type: 3}
      propertyPath: m_LocalPosition.y
      value: 0
      objectReference: {fileID: 0}
    - target: {fileID: 3604818368816134976, guid: 69f5069cc09cac741a9c00457ff730fa,
        type: 3}
      propertyPath: m_LocalPosition.z
      value: 0.17000005
      objectReference: {fileID: 0}
    - target: {fileID: 3604818368816134976, guid: 69f5069cc09cac741a9c00457ff730fa,
        type: 3}
      propertyPath: m_LocalRotation.w
      value: 1
      objectReference: {fileID: 0}
    - target: {fileID: 3604818368816134976, guid: 69f5069cc09cac741a9c00457ff730fa,
        type: 3}
      propertyPath: m_LocalRotation.x
      value: -0
      objectReference: {fileID: 0}
    - target: {fileID: 3604818368816134976, guid: 69f5069cc09cac741a9c00457ff730fa,
        type: 3}
      propertyPath: m_LocalRotation.y
      value: -0
      objectReference: {fileID: 0}
    - target: {fileID: 3604818368816134976, guid: 69f5069cc09cac741a9c00457ff730fa,
        type: 3}
      propertyPath: m_LocalRotation.z
      value: -0
      objectReference: {fileID: 0}
    - target: {fileID: 3604818368816134976, guid: 69f5069cc09cac741a9c00457ff730fa,
        type: 3}
      propertyPath: m_LocalEulerAnglesHint.x
      value: 0
      objectReference: {fileID: 0}
    - target: {fileID: 3604818368816134976, guid: 69f5069cc09cac741a9c00457ff730fa,
        type: 3}
      propertyPath: m_LocalEulerAnglesHint.y
      value: 0
      objectReference: {fileID: 0}
    - target: {fileID: 3604818368816134976, guid: 69f5069cc09cac741a9c00457ff730fa,
        type: 3}
      propertyPath: m_LocalEulerAnglesHint.z
      value: 0
      objectReference: {fileID: 0}
    - target: {fileID: 4129013167934595578, guid: 69f5069cc09cac741a9c00457ff730fa,
        type: 3}
      propertyPath: m_Name
      value: Bush
      objectReference: {fileID: 0}
    m_RemovedComponents: []
  m_SourcePrefab: {fileID: 100100000, guid: 69f5069cc09cac741a9c00457ff730fa, type: 3}
--- !u!4 &199013055386337954 stripped
Transform:
  m_CorrespondingSourceObject: {fileID: 3604818368816134976, guid: 69f5069cc09cac741a9c00457ff730fa,
    type: 3}
  m_PrefabInstance: {fileID: 3514472803055270370}
  m_PrefabAsset: {fileID: 0}
--- !u!1001 &6374674478978047945
PrefabInstance:
  m_ObjectHideFlags: 0
  serializedVersion: 2
  m_Modification:
    m_TransformParent: {fileID: 1357168731530654740}
    m_Modifications:
    - target: {fileID: 3604818368816134976, guid: 69f5069cc09cac741a9c00457ff730fa,
        type: 3}
      propertyPath: m_RootOrder
      value: 1
      objectReference: {fileID: 0}
    - target: {fileID: 3604818368816134976, guid: 69f5069cc09cac741a9c00457ff730fa,
        type: 3}
      propertyPath: m_LocalPosition.x
      value: 2.98
      objectReference: {fileID: 0}
    - target: {fileID: 3604818368816134976, guid: 69f5069cc09cac741a9c00457ff730fa,
        type: 3}
      propertyPath: m_LocalPosition.y
      value: 0
      objectReference: {fileID: 0}
    - target: {fileID: 3604818368816134976, guid: 69f5069cc09cac741a9c00457ff730fa,
        type: 3}
      propertyPath: m_LocalPosition.z
      value: 0.17000005
      objectReference: {fileID: 0}
    - target: {fileID: 3604818368816134976, guid: 69f5069cc09cac741a9c00457ff730fa,
        type: 3}
      propertyPath: m_LocalRotation.w
      value: 1
      objectReference: {fileID: 0}
    - target: {fileID: 3604818368816134976, guid: 69f5069cc09cac741a9c00457ff730fa,
        type: 3}
      propertyPath: m_LocalRotation.x
      value: -0
      objectReference: {fileID: 0}
    - target: {fileID: 3604818368816134976, guid: 69f5069cc09cac741a9c00457ff730fa,
        type: 3}
      propertyPath: m_LocalRotation.y
      value: -0
      objectReference: {fileID: 0}
    - target: {fileID: 3604818368816134976, guid: 69f5069cc09cac741a9c00457ff730fa,
        type: 3}
      propertyPath: m_LocalRotation.z
      value: -0
      objectReference: {fileID: 0}
    - target: {fileID: 3604818368816134976, guid: 69f5069cc09cac741a9c00457ff730fa,
        type: 3}
      propertyPath: m_LocalEulerAnglesHint.x
      value: 0
      objectReference: {fileID: 0}
    - target: {fileID: 3604818368816134976, guid: 69f5069cc09cac741a9c00457ff730fa,
        type: 3}
      propertyPath: m_LocalEulerAnglesHint.y
      value: 0
      objectReference: {fileID: 0}
    - target: {fileID: 3604818368816134976, guid: 69f5069cc09cac741a9c00457ff730fa,
        type: 3}
      propertyPath: m_LocalEulerAnglesHint.z
      value: 0
      objectReference: {fileID: 0}
    - target: {fileID: 4129013167934595578, guid: 69f5069cc09cac741a9c00457ff730fa,
        type: 3}
      propertyPath: m_Name
      value: Bush (2)
      objectReference: {fileID: 0}
    m_RemovedComponents: []
  m_SourcePrefab: {fileID: 100100000, guid: 69f5069cc09cac741a9c00457ff730fa, type: 3}
--- !u!4 &7670060757746885769 stripped
Transform:
  m_CorrespondingSourceObject: {fileID: 3604818368816134976, guid: 69f5069cc09cac741a9c00457ff730fa,
    type: 3}
  m_PrefabInstance: {fileID: 6374674478978047945}
  m_PrefabAsset: {fileID: 0}
--- !u!1001 &8858096510443309707
PrefabInstance:
  m_ObjectHideFlags: 0
  serializedVersion: 2
  m_Modification:
    m_TransformParent: {fileID: 1357168731530654740}
    m_Modifications:
    - target: {fileID: 3604818368816134976, guid: 69f5069cc09cac741a9c00457ff730fa,
        type: 3}
      propertyPath: m_RootOrder
      value: 0
      objectReference: {fileID: 0}
    - target: {fileID: 3604818368816134976, guid: 69f5069cc09cac741a9c00457ff730fa,
        type: 3}
      propertyPath: m_LocalPosition.x
      value: 0.9800005
      objectReference: {fileID: 0}
    - target: {fileID: 3604818368816134976, guid: 69f5069cc09cac741a9c00457ff730fa,
        type: 3}
      propertyPath: m_LocalPosition.y
      value: 0
      objectReference: {fileID: 0}
    - target: {fileID: 3604818368816134976, guid: 69f5069cc09cac741a9c00457ff730fa,
        type: 3}
      propertyPath: m_LocalPosition.z
      value: 0.17000005
      objectReference: {fileID: 0}
    - target: {fileID: 3604818368816134976, guid: 69f5069cc09cac741a9c00457ff730fa,
        type: 3}
      propertyPath: m_LocalRotation.w
      value: 1
      objectReference: {fileID: 0}
    - target: {fileID: 3604818368816134976, guid: 69f5069cc09cac741a9c00457ff730fa,
        type: 3}
      propertyPath: m_LocalRotation.x
      value: -0
      objectReference: {fileID: 0}
    - target: {fileID: 3604818368816134976, guid: 69f5069cc09cac741a9c00457ff730fa,
        type: 3}
      propertyPath: m_LocalRotation.y
      value: -0
      objectReference: {fileID: 0}
    - target: {fileID: 3604818368816134976, guid: 69f5069cc09cac741a9c00457ff730fa,
        type: 3}
      propertyPath: m_LocalRotation.z
      value: -0
      objectReference: {fileID: 0}
    - target: {fileID: 3604818368816134976, guid: 69f5069cc09cac741a9c00457ff730fa,
        type: 3}
      propertyPath: m_LocalEulerAnglesHint.x
      value: 0
      objectReference: {fileID: 0}
    - target: {fileID: 3604818368816134976, guid: 69f5069cc09cac741a9c00457ff730fa,
        type: 3}
      propertyPath: m_LocalEulerAnglesHint.y
      value: 0
      objectReference: {fileID: 0}
    - target: {fileID: 3604818368816134976, guid: 69f5069cc09cac741a9c00457ff730fa,
        type: 3}
      propertyPath: m_LocalEulerAnglesHint.z
      value: 0
      objectReference: {fileID: 0}
    - target: {fileID: 4129013167934595578, guid: 69f5069cc09cac741a9c00457ff730fa,
        type: 3}
      propertyPath: m_Name
      value: Bush (1)
      objectReference: {fileID: 0}
    m_RemovedComponents: []
  m_SourcePrefab: {fileID: 100100000, guid: 69f5069cc09cac741a9c00457ff730fa, type: 3}
--- !u!4 &5253630303176454603 stripped
Transform:
  m_CorrespondingSourceObject: {fileID: 3604818368816134976, guid: 69f5069cc09cac741a9c00457ff730fa,
    type: 3}
  m_PrefabInstance: {fileID: 8858096510443309707}
  m_PrefabAsset: {fileID: 0}
